@article{dyer-frieze-kannan,
    author = {Dyer, Martin and Frieze, Alan and Kannan, Ravi},
    title = {A Random Polynomial-Time Algorithm for Approximating the Volume of Convex Bodies},
    year = {1991},
    issue_date = {Jan. 1991},
    publisher = {Association for Computing Machinery},
    address = {New York, NY, USA},
    volume = {38},
    number = {1},
    issn = {0004-5411},
    url = {https://doi.org/10.1145/102782.102783},
    doi = {10.1145/102782.102783},
    abstract = {A randomized polynomial-time algorithm for approximating the volume of a convex body K in n-dimensional Euclidean space is presented. The proof of correctness of the algorithm relies on recent theory of rapidly mixing Markov chains and isoperimetric inequalities to show that a certain random walk can be used to sample nearly uniformly from within K.},
    journal = {J. ACM},
    month = jan,
    pages = {1–17},
    numpages = {17},
    keywords = {sampling, random walks, convex sets, volume}
}

@article{no-deterministic-algo-barany-furedi,
    author={B{\'a}r{\'a}ny, Imre
    and F{\"u}redi, Zolt{\'a}n},
    title={Computing the volume is difficult},
    journal={Discrete {\&} Computational Geometry},
    year={1987},
    month={Dec},
    day={01},
    volume={2},
    number={4},
    pages={319-326},
    abstract={For every polynomial time algorithm which gives an upper bound{\%} MathType!MTEF!2!1!+-{\%} feaafiart1ev1aaatCvAUfeBSjuyZL2yd9gzLbvyNv2CaerbuLwBLn{\%} hiov2DGi1BTfMBaeXatLxBI9gBaerbd9wDYLwzYbItLDharqqtubsr{\%} 4rNCHbGeaGqiVC0xe9sqqrpepC0xbbL8F4rqqrFfpeea0xe9Gqpi0x{\%} c9q8qqaqFj0df9pwe9Q8fs0-yqaqpepae9pg0FirpepeKkFr0xfr-x{\%} fr-xb9adbaqaaeGaciGaaiaabeqaamaabaabaaGcbaWaa0aaaeaaie{\%} aacaWF2bGaa83Baiaa-Xgaaaaaaa!3A2B!{\$}{\$}{\backslash}overline {\{}vol{\}}{\$}{\$}(K) and a lower boundvol(K) for the volume of a convex setK⊂Rd, the ratio{\%} MathType!MTEF!2!1!+-{\%} feaafiart1ev1aaatCvAUfeBSjuyZL2yd9gzLbvyNv2CaerbuLwBLn{\%} hiov2DGi1BTfMBaeXatLxBI9gBaerbd9wDYLwzYbItLDharqqtubsr{\%} 4rNCHbGeaGqiVC0xe9sqqrpepC0xbbL8F4rqqrFfpeea0xe9Gqpi0x{\%} c9q8qqaqFj0df9pwe9Q8fs0-yqaqpepae9pg0FirpepeKkFr0xfr-x{\%} fr-xb9adbaqaaeGaciGaaiaabeqaamaabaabaaGcbaWaa0aaaeaaie{\%} aacaWF2bGaa83Baiaa-Xgaaaaaaa!3A2B!{\$}{\$}{\backslash}overline {\{}vol{\}}{\$}{\$}(K)/vol(K) is at least (cd/logd)dfor some convex setK⊂Rd.},
    issn={1432-0444},
    doi={10.1007/BF02187886},
    url={https://doi.org/10.1007/BF02187886}
}